@online{oms,
    author = "Organisation Mondiale de la Santé (OMS)",
    title = "Cécité et déficience visuelle",
    url  = "https://www.who.int/fr/news-room/fact-sheets/detail/blindness-and-visual-impairment",
}

@article{thelancet,
    author = "Rupert R.A. Bourne and al. on behalf of the Vision Loss Expert Group",
    title = "Magnitude, temporal trends, and projections of the global prevalence of blindness and distance and near vision impairment: a systematic review and meta-analysis",
    journal = "The Lancet Global Health",
    volume = "5",
    number = "9",
    year = "2017",
    DOI = "10.1016/S2214-109X(17)30293-0",
}

@online{ultracane,
    author = "CECIAA SAS",
    title = "Canne blanche électronique",
    url  = "https://www.ceciaa.com/ultracane.html",
}

@online{tompouce,
    author = "Fondation VISIO",
    title = "Cannes blanches électroniques pour personnes aveugles ou malvoyantes",
    url  = "http://visioptronic.fr/fr",
}

@article{formation,
    author = "René Farcy and Roger Leroux and Alain Jucha and Roland Damaschini and Colette Grégoire and Aziz Zogaghi",
    title = "Electronic travel aids and electronic orientation aids for blind people: technical, rehabilitation and everyday life points of view",
    journal = "Proceedings of the Conference and Workshop on Assistive Technology for People with Vision and Hearing Impairment (CVHI)",
    year = "2006",
}

@article{ultrasons,
    author = "David Abreu and Jonay Toledo and Benito Codina and Arminda Suárez",
    title = "Low-Cost Ultrasonic Range Improvements for an Assistive Device",
    journal = "Sensors",
    volume = "21",
    number = "12",
    year = "2021",
    DOI = "10.3390/s21124250",
}

@article{camera,
    author = "Adrian Aiordchioae and Ovidiu-Andrei Schipor and Radu-Daniel Vatavu",
    title = "An Inventory of Voice Input Commands for Users with Visual Impairments and Assistive Smartglasses Applications",
    journal = "Proceedings of the International Conference on Development and Application Systems (DAS)",
    year = "2020",
    DOI = "10.1109/DAS49615.2020.9108915",
}

@article{radar,
    author = "Tero Kiuru and al.",
    title = "Assistive device for orientation and mobility of the visually impaired based on millimeter wave radar technology - Clinical investigation results",
    journal = "Cogent Engineering",
    volume = "5",
    number = "1",
    year = "2018",
    DOI = "10.1080/23311916.2018.1450322",
}

@article{lidar,
    author = "Aya Dernayka and Michel-Ange Amorim and Roger Leroux and Lucas Bogaert and René Farcy",
    title = "Tom Pouce III, an Electronic White Cane for Blind People: Ability to Detect Obstacles and Mobility Performances",
    journal = "Sensors",
    volume = "21",
    number = "20",
    year = "2021",
    DOI = "10.3390/s21206854",
}

@article{multicapteur,
    author = "Julie Foucault and al.",
    title = "INSPEX: Optimize Range Sensors for Environment Perception as a Portable System",
    journal = "Sensors",
    volume = "19",
    number = "19",
    year = "2019",
    DOI = "10.3390/s19194350",
}
